@online{versuchsanleitung,
  title = {Experimente mit Mikrowellen 1},
  url="http://129.217.224.2/HOMEPAGE/PHYSIKER/BACHELOR/FP/SKRIPT/AnlMikrowelle.pdf"
}
@book{grossMarx,
  title={Festk√∂rperphysik},
  author={Gross, Rudolf und Marx, Achim},
  year={2018},
  publisher={Walter de Gruyter GmbH \& Co KG}
}
