@online{Versuchsanleitung_alt,
  title = {Experimente mit Mikrowellen 1},
  url="http://129.217.224.2/HOMEPAGE/PHYSIKER/BACHELOR/FP/SKRIPT/AnlMikrowelle.pdf"
}
@online{Versuchsanleitung_neu,
  author={TU Dortmund},
  title = {Experimente mit Mikrowellen 1},
  year=2019,
  url="https://moodle.tu-dortmund.de/pluginfile.php/862635/mod_resource/content/1/V53.pdf"
}
@online{wiki,
  title = {Wikipedia: Stehwellenverhaeltnis},
  url="https://de.wikipedia.org/wiki/Stehwellenverh√§ltnis",
  date=15.04.2019
}

@online{leifi,
  author={LEIFI Physik},
  title = {Helium-Neon-Laser},
  url="https://www.leifiphysik.de/atomphysik/laser/versuche/helium-neon-laser"
}
  year=??

@online{goingPostal,
  author={Going Postal},
  title = {Absorption, spontaneous emission, stimulated emission},
  year=2019,
  url="https://going-postal.com/2017/11/how-does-a-laser-work/pic-01-2/"
}
