@online{anleitung,
  author={TU Dortmund},
  title = {Versuch Nr. 46 - Faradayeffekt an Halbleitern},
  year=2019,
  url="https://moodle.tu-dortmund.de/mod/folder/view.php?id=438925"
}
@online{wiki,
  author={Wikipedia},
  title = {Bändermodell},
  year=2019,
  url="https://de.wikipedia.org/wiki/Bändermodell"
}
@online{wiki2,
  author={Wikipedia},
  title = {Interferenzfilter},
  year=2019,
  url="https://de.wikipedia.org/wiki/Interferenzfilter"
}

@online{gt,
  author={Thorlabs},
  title = {Glan-Thompson Polarizers},
  year=2019,
  url="https://www.thorlabs.de/newgrouppage9.cfm?objectgroup_id=116"
}
@online{n,
  author={Polyankiy, Mikhail},
  title = {Refractic index database},
  year=2019,
  url="https://refractiveindex.info/?shelf=main\&book=GaAs\&page=Adachi"
}
@online{effm,
  author={Van Zeghbroeck, Bart},
  title = {Effective mass in semiconductors},
  year=1997,
  url="https://ecee.colorado.edu/~bart/book/effmass.htm"
}
