@online{Versuchsanleitung,
  author = {TU Dortmund},
  title = {Versuch 23: Quantenanalogien},
  year = "2019",
  url="https://moodle.tu-dortmund.de/pluginfile.php/874206/mod_resource/content/1/V23.pdf",
  note = "[Online; aufgerufen am 30.04.2019]"
}

@online{Schallgeschwindigkeit,
  author = {NASA},
  title = {Speed of Sound},
  year = "2018",
  url="https://www.grc.nasa.gov/www/k-12/airplane/sound.html",
  note = "[Online; aufgerufen am 27.04.2019]"
}

@online{Formel,
  author = {TU Dresden},
  title = {Quantenanlogie},
  url="https://tu-dresden.de/mn/physik/ifmp/ressourcen/dateien/praktikum/Anleitung.pdf?lang=de",
  note = "[Online; aufgerufen am 02.05.2019]"
}

@online{stehendeWelle,
  author = {Karlsruher Institut für Technologie, Fakultät für Physik},
  title = {Versuch 08, Stehende Wellen},
  url="http://www-ekp.physik.uni-karlsruhe.de/~simonis/praktikum/p-nebenfach/versuchsanleitungen/v08-StehendeWellen.pdf",
  note = "[Online; aufgerufen am 02.05.2019]"
}

@online{kasten,
  author = {Wikipedia},
  title = {Particle in a box},
  url="https://en.wikipedia.org/wiki/Particle_in_a_box",
  note = "[Online; aufgerufen am 02.05.2019]"
}

@online{orbitale,
  author = {Dr Helen Klus},
  title = {Chapter 11. Sommerfeld’s Atom},
  url="http://www.thestargarden.co.uk/Sommerfelds-atom.html",
  note = "[Online; aufgerufen am 02.05.2019]"
}
